<record xmlns="http://www.loc.gov/MARC21/slim" xmlns:xsi="http://www.w3.org/2001/XMLSchema-instance" xsi:schemaLocation="http://www.loc.gov/MARC21/slim http://www.loc.gov/standards/marcxml/schema/MARC21slim.xsd"><leader>     nam a22        4500</leader><controlfield tag="001">3121125</controlfield><controlfield tag="003">NNC</controlfield><controlfield tag="006">m        d        </controlfield><controlfield tag="007">cr cn |||m|||a</controlfield><controlfield tag="008">150313s1946    ua      o     000 0 ara d</controlfield><datafield ind1=" " ind2=" " tag="040"><subfield code="a">NNU</subfield><subfield code="b">eng</subfield><subfield code="e">rda</subfield><subfield code="c">NNU</subfield></datafield><datafield ind1="1" ind2=" " tag="100"><subfield code="a">Mara&#772;ghi&#772;, &#699;Abd al-&#699;Azi&#772;z.</subfield></datafield><datafield ind1="1" ind2="0" tag="245"><subfield code="a">Ibn Taymi&#772;yah.</subfield></datafield><datafield ind1="1" ind2=" " tag="246"><subfield code="i">At head of title:</subfield><subfield code="a">I&#699;la&#772;m al-&#700;Isla&#772;m</subfield></datafield><datafield ind1=" " ind2=" " tag="260"><subfield code="a">Cairo,</subfield><subfield code="b">Da&#772;&#700;irat al-Ma &#699;a&#772;rif al-Isla&#772;mi&#772;ya</subfield><subfield code="c">[1946?]</subfield></datafield><datafield ind1=" " ind2=" " tag="300"><subfield code="a">online resource (176 pages)</subfield></datafield><datafield ind1=" " ind2=" " tag="336"><subfield code="a">text</subfield><subfield code="2">rdacontent</subfield></datafield><datafield ind1=" " ind2=" " tag="337"><subfield code="a">computer</subfield><subfield code="2">rdamedia</subfield></datafield><datafield ind1=" " ind2=" " tag="338"><subfield code="a">online resource</subfield><subfield code="2">rdacarrier</subfield></datafield><datafield ind1=" " ind2=" " tag="500"><subfield code="a">Part of the Arabic Collections Online (ACO) project, contributed by Columbia University Libraries.</subfield></datafield><datafield ind1=" " ind2=" " tag="533"><subfield code="a">Electronic reproduction.</subfield><subfield code="b">New York, N.Y. :</subfield><subfield code="c">New York University,</subfield><subfield code="d">2015.</subfield><subfield code="5">NNU</subfield></datafield><datafield ind1="1" ind2="0" tag="600"><subfield code="a">Ibn Taymi&#772;yah, Ah&#803;mad ibn &#699;Abd al-H&#803;ali&#772;m,</subfield><subfield code="d">1263-1328.</subfield></datafield><datafield ind1="1" ind2="7" tag="600"><subfield code="a">Ibn Taymi&#772;yah, Ah&#803;mad ibn &#699;Abd al-H&#803;ali&#772;m,</subfield><subfield code="d">1263-1328</subfield><subfield code="2">fast</subfield><subfield code="0">(OCoLC)fst00039053</subfield></datafield><datafield ind1="2" ind2=" " tag="710"><subfield code="a">Columbia University.</subfield><subfield code="b">Libraries.</subfield></datafield><datafield ind1="0" ind2=" " tag="730"><subfield code="a">Arabic Collections Online.</subfield></datafield><datafield ind1="0" ind2="8" tag="776"><subfield code="i">Print version:</subfield><subfield code="a">Mara&#772;ghi&#772;, &#699;Abd al-&#699;Azi&#772;z.</subfield><subfield code="t">Ibn Taymi&#772;yah</subfield><subfield code="w">(NNC)3121125</subfield><subfield code="w">(OCoLC)48193175</subfield></datafield><datafield ind1="4" ind2="0" tag="856"><subfield code="u">http://hdl.handle.net/2333.1/k6djhd8f</subfield></datafield><datafield ind1=" " ind2=" " tag="959"><subfield code="a">NNU</subfield><subfield code="b">WEB</subfield><subfield code="c">GENI</subfield><subfield code="t">0</subfield><subfield code="m">Electronic access</subfield><subfield code="s">01</subfield></datafield><datafield ind1=" " ind2=" " tag="999"><subfield code="i">NNC_3121125</subfield><subfield code="o">(OCoLC)ocm48193175 </subfield><subfield code="s">columbia_aco000595</subfield><subfield code="e">(ERROR-880)</subfield></datafield></record>